@article{Strauss2002,
  title={Spectroscopic target selection in the Sloan Digital Sky Survey: the main galaxy sample},
  author={Strauss, Michael A and Weinberg, David H and Lupton, Robert H and Narayanan, Vijay K and Annis, James and Bernardi, Mariangela and Blanton, Michael and Burles, Scott and Connolly, AJ and Dalcanton, Julianne and others},
  journal={The Astronomical Journal},
  volume={124},
  number={3},
  pages={1810},
  year={2002},
  publisher={IOP Publishing}
}
@article{Petrosian1976,
  title={Surface brightness and evolution of galaxies},
  author={Petrosian, Vahe},
  journal={The Astrophysical Journal},
  volume={209},
  pages={L1--L5},
  year={1976}
}
@article{Okamura1999,
  title={Retrieving bulge and disk parameters and asymptotic magnitudes from the growth curves of galaxies},
  author={Okamura, Sadanori and Yasuda, Naoki and Shimasaku, Kazuhiro and Yagi, Masafumi and Weinberg, David H},
  journal={Publications of the Astronomical Society of the Pacific},
  volume={111},
  number={755},
  pages={31--44},
  year={1999},
  publisher={JSTOR}
}

@article{blanton2001,
  title={The Luminosity function of galaxies in SDSS commissioning data},
  author={Blanton, Michael R and Dalcanton, Julianne and Eisenstein, Daniel and Loveday, Jon and Strauss, Michael A and SubbaRao, Mark and Weinberg, David H and Anderson Jr, John E and Annis, James and Bahcall, Neta A and others},
  journal={The Astronomical Journal},
  volume={121},
  number={5},
  pages={2358},
  year={2001},
  publisher={IOP Publishing}
}
